00594cas a22002291a 4500
001 999324383502836
003 Nz
005 20160321142748.0
008 040113d19331941nz  r ne      0   0 eng  
035    $a (NLNZils)932438
035    $a (Nz)8183955
035    $a (NLNZils)932438-ilsdb
035    $a (OCoLC)173423316
040    $a NZNB $c NZNB
042    $a nznb
043    $a u-nz---
245 00 $a Thames courier.
260    $a [Thames, N.Z. : $b s.n., $c 1933-1941]
310    $a Weekly
362 0  $a 1933 Mar.10-1941 Dec.18
651  0 $a Thames (N.Z.) $v Newspapers.
655  7 $a New Zealand newspapers. $2 local $5 Nz
